Generated on Sat Feb 16 16:17:44 2008 (1203196664).


,-------------------.
|  BIBTEX ENTRIES   |
`-------------------'

@manual{fontname,
  author =        {Karl Berry},
  month =         {September},
  note =          {\url{http://ctan.tug.org/tex-archive/info/fontname}},
  title =         {Fontname. Filenames For {\TeX} Fonts},
  year =          {2005},
}

@manual{fontinstallationguide,
  author =        {Philipp Lehman},
  month =         {December},
  note =
  {\url{http://www.ctan.org/tex-archive/info/Type1fonts/fontinstallationguide}%
},
  title =         {The Font Installation Guide},
  year =          {2004},
}

