@manual{fontname,
  author =        {Karl Berry},
  month =         {September},
  note =          {\url{http://ctan.tug.org/tex-archive/info/fontname}},
  title =         {Fontname. Filenames For {\TeX} Fonts},
  year =          {2005},
}

@manual{fontinstallationguide,
  author =        {Philipp Lehman},
  month =         {December},
  note =
  {\url{http://www.ctan.org/tex-archive/info/Type1fonts/fontinstallationguide}%
},
  title =         {The Font Installation Guide},
  year =          {2004},
}

@Manual{w-a-schmidt,
  title = 	 {{\LaTeX} Support Files For Commercial Type1 Fonts},
  author =	 {Walter Schimdt},
  year =	 2004,
  note =	 {\url{http://www.ctan.org/tex-archive/fonts/psfonts/w-a-schmidt}}
}

@Manual{Jeffrey04:Fontinst,
  title = 	 {Fontinst.  Font Installation Software for {\TeX}},
  author =	 {Alan Jeffrey and  Rowland McDonnell and
                  Lars Hellstr\"{o}om},
  month =	 {December},
  year =	 2004,
  note =	 {\url{http://www.ctan.org/tex-archive/fonts/utilities/fontinst}}
}

@Book{Hoenig98:TeXUnbound,
  author =	 {Alan Hoenig},
  title = 	 {{\TeX} Unbound: {\LaTeX} and {\TeX} Strategies for Fonts, 
                  Graphics, and More},
  publisher = 	 {Oxford University Press, USA},
  year = 	 1998
}

