

@manual{fontname,
  author =        {Karl Berry},
  month =         {September},
  note =          {\url{http://mirrors.ctan.org/info/fontname}},
  title =         {Fontname. Filenames For {\TeX} Fonts},
  year =          {2005},
}

@manual{fontinstallationguide,
  author =        {Philipp Lehman},
  month =         {December},
  note =
  {\url{http://mirrors.ctan.org/info/Type1fonts/fontinstallationguide}},
  title =         {The Font Installation Guide},
  year =          {2004},
}

